%% This BibTeX bibliography file was created using BibDesk.
%% http://bibdesk.sourceforge.net/


%% Created for Alex Charles at 2017-04-07 10:51:42 +0100 


%% Saved with string encoding Unicode (UTF-8) 



@online{ControlT54:online,
	Date-Added = {2017-04-07 09:45:05 +0000},
	Date-Modified = {2017-04-07 09:45:29 +0000},
	Title = {Control Tutorials for MATLAB and Simulink - Introduction: PID Controller Design},
	Url = {http://ctms.engin.umich.edu/CTMS/index.php?example=Introduction&section=ControlPID},
	Urldate = {2017-04-07},
	Year = {2012},
	Bdsk-Url-1 = {http://ctms.engin.umich.edu/CTMS/index.php?example=Introduction&section=ControlPID}}

@online{openloop,
	Author = {Electronics Tutorials},
	Date-Added = {2017-02-22 18:01:14 +0000},
	Date-Modified = {2017-02-22 18:01:38 +0000},
	Title = {Open-loop System and Open-loop Control Systems},
	Url = {http://www.electronics-tutorials.ws/systems/open-loop-system.html},
	Urldate = {2017-02-22},
	Bdsk-Url-1 = {http://www.electronics-tutorials.ws/systems/open-loop-system.html}}

@techreport{vibnote2,
	Author = {Dr Branislav Titurus},
	Date-Added = {2017-02-22 17:55:02 +0000},
	Date-Modified = {2017-02-22 17:55:31 +0000},
	Institution = {University of Bristol},
	Title = {Vibrations 2 Lecture Notes - 2 Degree of Freedom, Tuned Vibration Absorber},
	Year = {2016}}

@techreport{vibnote,
	Author = {Dr Branislav Titurus},
	Date-Added = {2017-02-22 17:53:10 +0000},
	Date-Modified = {2017-02-22 17:54:27 +0000},
	Institution = {University of Bristol},
	Title = {Vibrations 2 Lab Notes - Tuned Vibration Absorber},
	Year = {2016}}
